<record xmlns="http://www.loc.gov/MARC21/slim" xmlns:xsi="http://www.w3.org/2001/XMLSchema-instance" xsi:schemaLocation="http://www.loc.gov/MARC21/slim http://www.loc.gov/standards/marcxml/schema/MARC21slim.xsd"><leader>00037nz   2200037n  4500</leader><controlfield tag="001">DNB|102400458</controlfield><controlfield tag="003">DNB</controlfield><controlfield tag="005">20080405190909.0</controlfield><controlfield tag="008">930416n||aznnnabbn           | aaa    |c</controlfield><datafield ind1=" " ind2=" " tag="035"><subfield code="a">(DE-101)102400458</subfield></datafield><datafield ind1=" " ind2=" " tag="035"><subfield code="a">(DE-588a)102400458</subfield></datafield><datafield ind1=" " ind2=" " tag="040"><subfield code="a">DE-12</subfield><subfield code="b">ger</subfield><subfield code="c">DE-101</subfield><subfield code="e">rakwb</subfield><subfield code="d">9999</subfield></datafield><datafield ind1=" " ind2=" " tag="079"><subfield code="a">p</subfield><subfield code="q">f</subfield><subfield code="q">p</subfield><subfield code="t">12-PAN</subfield></datafield><datafield ind1="0" ind2=" " tag="100"><subfield code="a">Nicias</subfield><subfield code="c">Milesius</subfield><subfield code="d">3. Jh. v. Chr.</subfield></datafield><datafield ind1="0" ind2=" " tag="400"><subfield code="a">Nikias</subfield><subfield code="c">von Milet</subfield><subfield code="d">3. Jh. v. Chr.</subfield></datafield><datafield ind1="0" ind2=" " tag="400"><subfield code="a">Nicias</subfield><subfield code="c">Epigrammaticus</subfield><subfield code="d">3. Jh. v. Chr.</subfield></datafield><datafield ind1="0" ind2=" " tag="400"><subfield code="a">Nikias</subfield><subfield code="c">Arzt</subfield><subfield code="d">3. Jh. v. Chr.</subfield></datafield><datafield ind1="0" ind2=" " tag="400"><subfield code="a">Nikias</subfield><subfield code="c">Dichter</subfield><subfield code="d">3. Jh. v. Chr.</subfield></datafield><datafield ind1="0" ind2=" " tag="400"><subfield code="a">Nikias</subfield><subfield code="c">Milesier</subfield><subfield code="d">3. Jh. v. Chr.</subfield></datafield><datafield ind1=" " ind2=" " tag="549"><subfield code="w">i</subfield><subfield code="i">Lebensdaten</subfield><subfield code="a">3. Jh. v. Chr.</subfield></datafield><datafield ind1=" " ind2=" " tag="996"><subfield code="2">PICA|071903844</subfield></datafield><datafield ind1=" " ind2=" " tag="996"><subfield code="2">LC|n  82024043</subfield></datafield><datafield ind1=" " ind2=" " tag="996"><subfield code="2">NKC|jn20000701322</subfield></datafield><datafield ind1=" " ind2=" " tag="996"><subfield code="2">SELIBR|275019</subfield></datafield><datafield ind1=" " ind2=" " tag="996"><subfield code="2">WKP|wp Nicias</subfield></datafield><datafield ind1=" " ind2=" " tag="996"><subfield code="2">JPG|500060025</subfield></datafield><datafield ind1=" " ind2=" " tag="996"><subfield code="2">BAV|ADV12052429</subfield></datafield><datafield ind1=" " ind2=" " tag="997"><subfield code="a">-200 0 flourished</subfield><subfield code="9">1</subfield></datafield></record>